<record><leader>00000cas a22000007a 4500</leader><controlfield tag="001">12935782</controlfield><controlfield tag="008">851219d191u1931iauwr ne      0    0eng d</controlfield><datafield ind1=" " ind2=" " tag="010"><subfield code="a">sn 85050979 </subfield></datafield><datafield ind1=" " ind2=" " tag="040"><subfield code="a">INP</subfield><subfield code="b">eng</subfield><subfield code="c">INP</subfield><subfield code="d">OCLCQ</subfield></datafield><datafield ind1=" " ind2=" " tag="042"><subfield code="a">msc</subfield></datafield><datafield ind1="0" ind2="0" tag="245"><subfield code="a">Hardin County ledger.</subfield></datafield><datafield ind1=" " ind2=" " tag="260"><subfield code="a">Eldora, Iowa :</subfield><subfield code="b">H.S. Kneedler,</subfield><subfield code="c">-1931.</subfield></datafield><datafield ind1=" " ind2=" " tag="300"><subfield code="a">v. :</subfield><subfield code="b">ill.</subfield></datafield><datafield ind1=" " ind2=" " tag="310"><subfield code="a">Weekly</subfield></datafield><datafield ind1="0" ind2=" " tag="362"><subfield code="a">-66th year, no. 13 (Mar. 26, 1931).</subfield></datafield><datafield ind1=" " ind2=" " tag="500"><subfield code="a">Publisher varies.</subfield></datafield><datafield ind1=" " ind2=" " tag="588"><subfield code="a">Description based on: Vol. 46, no. 4 (Jan. 25, 1912).</subfield></datafield><datafield ind1=" " ind2=" " tag="752"><subfield code="a">United States</subfield><subfield code="b">Iowa</subfield><subfield code="c">Hardin</subfield><subfield code="d">Eldora.</subfield></datafield><datafield ind1="0" ind2="0" tag="780"><subfield code="t">Eldora ledger (Eldora, Iowa : 1893)</subfield><subfield code="w">(DLC)sn 85050977</subfield></datafield><datafield ind1="0" ind2="7" tag="785"><subfield code="t">Eldora herald (Eldora, Iowa : 1910)</subfield><subfield code="w">(DLC)sn 85050978</subfield></datafield><datafield ind1="0" ind2="7" tag="785"><subfield code="t">Eldora herald-ledger</subfield><subfield code="w">(DLC)sn 86060107</subfield></datafield><datafield ind1="1" ind2=" " tag="029"><subfield code="a">AU@</subfield><subfield code="b">000023533070</subfield></datafield></record>